@article{kannala2006generic,
  title={A generic camera model and calibration method for conventional, wide-angle, and fish-eye lenses},
  author={Kannala, Juho and Brandt, Sami S},
  journal={IEEE transactions on pattern analysis and machine intelligence},
  volume={28},
  number={8},
  pages={1335--1340},
  year={2006},
  publisher={IEEE}
}

@article{sturm2011camera,
  title={Camera models and fundamental concepts used in geometric computer vision},
  author={Sturm, Peter and Ramalingam, Srikumar and Tardif, Jean-Philippe and Gasparini, Simone and Barreto, Joao},
  journal={Foundations and Trends{\textregistered} in Computer Graphics and Vision},
  volume={6},
  number={1--2},
  pages={1--183},
  year={2011},
  publisher={Now Publishers Inc.}
}

@article{fleckperspective,
  title={Perspective Projection: the Wrong Imaging Model. 1995},
  author={Fleck, Margaret M},
  journal={Google Scholar}
}

@inproceedings{sharpless2010pannini,
  title={Pannini: a new projection for rendering wide angle perspective images},
  author={Sharpless, Thomas K and Postle, Bruno and German, Daniel M},
  booktitle={Proceedings of the Sixth international conference on Computational Aesthetics in Graphics, Visualization and Imaging},
  pages={9--16},
  year={2010},
  organization={Eurographics Association}
}

@manual{lumeneracamera,
    organization  = "Lumenera",
    title         = "Selecting the Right Camera for Intelligent Traffic Systems",
    year          =  2017,
    howpublished = {\textit{Available at \url{https://www.lumenera.com/media/wysiwyg/documents/casestudies/selecting-the-right-traffic-camera-solution-sheet.pdf}}}
}

@article{bodor2007optimal,
  title={Optimal camera placement for automated surveillance tasks},
  author={Bodor, Robert and Drenner, Andrew and Schrater, Paul and Papanikolopoulos, Nikolaos},
  journal={Journal of Intelligent and Robotic Systems},
  volume={50},
  number={3},
  pages={257--295},
  year={2007},
  publisher={Springer}
}

@Report{StreetscapeGuideance,
    title = {Streetscape Guideance},
    year = {2017},
    author ={{Transport for London}},
}


@article{kok2017,
  title={Using inertial sensors for position and orientation estimation},
  author={Kok, Manon and Hol, Jeroen D and Sch{\"o}n, Thomas B},
  journal={arXiv preprint arXiv:1704.06053},
  year={2017}
}

@inproceedings{lin2018architectural,
  title={The Architectural Implications of Autonomous Driving: Constraints and Acceleration},
  author={Lin, Shih-Chieh and Zhang, Yunqi and Hsu, Chang-Hong and Skach, Matt and Haque, Md E and Tang, Lingjia and Mars, Jason},
  booktitle={Proceedings of the Twenty-Third International Conference on Architectural Support for Programming Languages and Operating Systems},
  pages={751--766},
  year={2018},
  organization={ACM}
}

@inproceedings{scherzinger2000precise,
  title={Precise robust positioning with inertial/GPS RTK},
  author={Scherzinger, Bruno M},
  booktitle={Proceedings of the 13th International Technical Meeting fo the Satellite Division of the Institute of Navigation (ION GPS)},
  pages={115--162},
  year={2000}
}

@article{miura2015gps,
  title={GPS error correction with pseudorange evaluation using three-dimensional maps},
  author={Miura, Shunsuke and Hsu, Li-Ta and Chen, Feiyu and Kamijo, Shunsuke},
  journal={IEEE Transactions on Intelligent Transportation Systems},
  volume={16},
  number={6},
  pages={3104--3115},
  year={2015},
  publisher={IEEE}
}

@online{USGPSPerformance,
  author = {US Air Force},
  title = {GPS Accuracy},
  year = 2016, 
  url = {https://www.gps.gov/systems/gps/performance/accuracy/},
  urldate = {2018-05-19}
}

@article{vivacqua2017low,
  title={A Low Cost Sensors Approach for Accurate Vehicle Localization and Autonomous Driving Application},
  author={Vivacqua, Rafael and Vassallo, Raquel and Martins, Felipe},
  journal={Sensors},
  volume={17},
  number={10},
  pages={2359},
  year={2017},
  publisher={Multidisciplinary Digital Publishing Institute}
}

@inproceedings{ziegler2014video,
  title={Video based localization for bertha},
  author={Ziegler, Julius and Lategahn, Henning and Schreiber, Markus and Keller, Christoph G and Knoppel, Carsten and Hipp, Jochen and Haueis, Martin and Stiller, Christoph},
  booktitle={Intelligent Vehicles Symposium Proceedings, 2014 IEEE},
  pages={1231--1238},
  year={2014},
  organization={IEEE}
}

@inproceedings{mattern2010high,
  title={High-accurate vehicle localization using digital maps and coherency images},
  author={Mattern, Norman and Schubert, Robin and Wanielik, Gerd},
  booktitle={Intelligent Vehicles Symposium (IV), 2010 IEEE},
  pages={462--469},
  year={2010},
  organization={IEEE}
}

@inproceedings{hata2014road,
  title={Road marking detection using LIDAR reflective intensity data and its application to vehicle localization},
  author={Hata, Alberto and Wolf, Denis},
  booktitle={Intelligent Transportation Systems (ITSC), 2014 IEEE 17th International Conference on},
  pages={584--589},
  year={2014},
  organization={IEEE}
}

@inproceedings{koenig2004design,
  title={Design and use paradigms for gazebo, an open-source multi-robot simulator},
  author={Koenig, Nathan and Howard, Andrew},
  booktitle={Intelligent Robots and Systems, 2004.(IROS 2004). Proceedings. 2004 IEEE/RSJ International Conference on},
  volume={3},
  pages={2149--2154},
  year={2004},
  organization={IEEE}
}

@inproceedings{quigley2009ros,
  title={ROS: an open-source Robot Operating System},
  author={Quigley, Morgan and Conley, Ken and Gerkey, Brian and Faust, Josh and Foote, Tully and Leibs, Jeremy and Wheeler, Rob and Ng, Andrew Y},
  booktitle={ICRA workshop on open source software},
  volume={3},
  number={3.2},
  pages={5},
  year={2009},
  organization={Kobe, Japan}
}

@article{redmon2018yolov3,
  title={YOLOv3: An Incremental Improvement},
  author={Redmon, Joseph and Farhadi, Ali},
  journal={arXiv preprint arXiv:1804.02767},
  year={2018}
}

@article{chen2017rethinking,
  title={Rethinking atrous convolution for semantic image segmentation},
  author={Chen, Liang-Chieh and Papandreou, George and Schroff, Florian and Adam, Hartwig},
  journal={arXiv preprint arXiv:1706.05587},
  year={2017}
}
@article{dubins1957curves,
  title={On curves of minimal length with a constraint on average curvature, and with prescribed initial and terminal positions and tangents},
  author={Dubins, Lester E},
  journal={American Journal of mathematics},
  volume={79},
  number={3},
  pages={497--516},
  year={1957},
  publisher={JSTOR}
}

@misc{osrfPrius,
  author = {Open Source Robotics Foundation},
  title = {Car Demo},
  year = {2017},
  publisher = {GitHub},
  journal = {GitHub repository},
  howpublished = {\url{https://github.com/osrf/car_demo}},
}

@book{aastrom1995pid,
  title={PID controllers: theory, design, and tuning},
  author={{\AA}str{\"o}m, Karl Johan and H{\"a}gglund, Tore},
  volume={2},
  year={1995},
  publisher={Instrument society of America Research Triangle Park, NC}
}

@article{thrun2006stanley,
  title={Stanley: The robot that won the DARPA Grand Challenge},
  author={Thrun, Sebastian and Montemerlo, Mike and Dahlkamp, Hendrik and Stavens, David and Aron, Andrei and Diebel, James and Fong, Philip and Gale, John and Halpenny, Morgan and Hoffmann, Gabriel and others},
  journal={Journal of field Robotics},
  volume={23},
  number={9},
  pages={661--692},
  year={2006},
  publisher={Wiley Online Library}
}

@article{fujii2013extended,
  title={Extended kalman filter},
  author={Fujii, Keisuke},
  journal={Refernce Manual},
  year={2013}
}

@book{thrun2005probabilistic,
  title={Probabilistic robotics},
  author={Thrun, Sebastian and Burgard, Wolfram and Fox, Dieter},
  year={2005},
  publisher={MIT press}
}

@inproceedings{larsen1998incorporation,
  title={Incorporation of time delayed measurements in a discrete-time Kalman filter},
  author={Larsen, Thomas Dall and Andersen, Nils A and Ravn, Ole and Poulsen, Niels Kj{\o}lstad},
  booktitle={Decision and Control, 1998. Proceedings of the 37th IEEE Conference on},
  volume={4},
  pages={3972--3977},
  year={1998},
  organization={IEEE}
}


@inproceedings{tessier2006real,
  title={A real-time, multi-sensor architecture for fusion of delayed observations: application to vehicle localization},
  author={Tessier, C{\'e}dric and Cariou, Christophe and Debain, Christophe and Chausse, Frederic and Chapuis, Roland and Rousset, Christophe},
  booktitle={Intelligent Transportation Systems Conference, 2006. ITSC'06. IEEE},
  pages={1316--1321},
  year={2006},
  organization={IEEE}
}


@article{beinhofer2013effective,
  title={Effective landmark placement for accurate and reliable mobile robot navigation},
  author={Beinhofer, Maximilian and M{\"u}ller, J{\"o}rg and Burgard, Wolfram},
  journal={Robotics and Autonomous Systems},
  volume={61},
  number={10},
  pages={1060--1069},
  year={2013},
  publisher={Elsevier}
}



@inproceedings{beinhofer2013robust,
  title={Robust landmark selection for mobile robot navigation},
  author={Beinhofer, Maximilian and M{\"u}ller, J{\"o}rg and Krause, Andreas and Burgard, Wolfram},
  booktitle={Intelligent Robots and Systems (IROS), 2013 IEEE/RSJ International Conference on},
  pages={3637--2643},
  year={2013},
  organization={IEEE}
}

@inproceedings{beinhofer2011near,
  title={Near-optimal landmark selection for mobile robot navigation},
  author={Beinhofer, Maximilian and M{\"u}ller, J{\"o}rg and Burgard, Wolfram},
  booktitle={Robotics and Automation (ICRA), 2011 IEEE International Conference on},
  pages={4744--4749},
  year={2011},
  organization={IEEE}
}

@article{beinhofer2014landmark,
  title={Landmark Placement for Mobile Robot Navigation},
  author={Beinhofer, Maximilian},
  year={2014}
}

@article{borrelli2005mpc,
  title={MPC-based approach to active steering for autonomous vehicle systems},
  author={Borrelli, Francesco and Falcone, Paolo and Keviczky, Tamas and Asgari, Jahan and Hrovat, Davor},
  journal={International Journal of Vehicle Autonomous Systems},
  volume={3},
  number={2-4},
  pages={265--291},
  year={2005},
  publisher={Inderscience Publishers}
}

@article{paden2016survey,
  title={A survey of motion planning and control techniques for self-driving urban vehicles},
  author={Paden, Brian and {\v{C}}{\'a}p, Michal and Yong, Sze Zheng and Yershov, Dmitry and Frazzoli, Emilio},
  journal={IEEE Transactions on Intelligent Vehicles},
  volume={1},
  number={1},
  pages={33--55},
  year={2016},
  publisher={IEEE}
}

@inproceedings{burgard1997active,
  title={Active mobile robot localization by entropy minimization},
  author={Burgard, Wolfram and Fox, Dieter and Thrun, Sebastian},
  booktitle={Advanced Mobile Robots, 1997. Proceedings., Second EUROMICRO workshop on},
  pages={155--162},
  year={1997},
  organization={IEEE}
}


@inproceedings{kruse1998camera,
  title={Camera-based monitoring system for mobile robot guidance},
  author={Kruse, Eckhard and Wahl, Friedrich M},
  booktitle={Intelligent Robots and Systems, 1998. Proceedings., 1998 IEEE/RSJ International Conference on},
  volume={2},
  pages={1248--1253},
  year={1998},
  organization={IEEE}
}


@inproceedings{menegatti2005distributed,
  title={Distributed vision system for robot localisation in indoor environment},
  author={Menegatti, Emanuele and Gatto, Giorgio and Pagello, Enrico and Minato, Takashi and Ishiguro, Hiroshi},
  booktitle={Proc. of the 2nd European Conference on Mobile Robots ECMR},
  volume={5},
  pages={194--199},
  year={2005}
}

@article{betke1997mobile,
  title={Mobile robot localization using landmarks},
  author={Betke, Margrit and Gurvits, Leonid},
  journal={IEEE transactions on robotics and automation},
  volume={13},
  number={2},
  pages={251--263},
  year={1997},
  publisher={IEEE}
}

@inproceedings{rowaihy2007survey,
  title={A survey of sensor selection schemes in wireless sensor networks},
  author={Rowaihy, Hosam and Eswaran, Sharanya and Johnson, Matthew and Verma, Dinesh and Bar-Noy, Amotz and Brown, Theodore and La Porta, Thomas},
  booktitle={Unattended Ground, Sea, and Air Sensor Technologies and Applications IX},
  volume={6562},
  pages={65621A},
  year={2007},
  organization={International Society for Optics and Photonics}
}



@inproceedings{bansal2014understanding,
  title={Understanding how camera configuration and environmental conditions affect appearance-based localization},
  author={Bansal, Aayush and Badino, Hern{\'a}n and Huber, Daniel},
  booktitle={Intelligent Vehicles Symposium Proceedings, 2014 IEEE},
  pages={800--807},
  year={2014},
  organization={IEEE}
}

@inproceedings{horster2006optimal,
  title={On the optimal placement of multiple visual sensors},
  author={H{\"o}rster, Eva and Lienhart, Rainer},
  booktitle={Proceedings of the 4th ACM international workshop on Video surveillance and sensor networks},
  pages={111--120},
  year={2006},
  organization={ACM}
}

@article{wang2013achieving,
  title={Achieving full-view coverage in camera sensor networks},
  author={Wang, Yi and Cao, Guohong},
  journal={ACM Transactions on Sensor Networks (ToSN)},
  volume={10},
  number={1},
  pages={3},
  year={2013},
  publisher={ACM}
}

@article{osais2010directional,
  title={Directional sensor placement with optimal sensing range, field of view and orientation},
  author={Osais, Yahya Esmail and St-Hilaire, Marc and Fei, R Yu},
  journal={Mobile Networks and Applications},
  volume={15},
  number={2},
  pages={216--225},
  year={2010},
  publisher={Springer}
}

@article{guvensan2011coverage,
  title={On coverage issues in directional sensor networks: A survey},
  author={Guvensan, M Amac and Yavuz, A Gokhan},
  journal={Ad Hoc Networks},
  volume={9},
  number={7},
  pages={1238--1255},
  year={2011},
  publisher={Elsevier}
}

@book{russell2016artificial,
  title={Artificial intelligence: a modern approach},
  author={Russell, Stuart J and Norvig, Peter},
  year={2016},
  publisher={Malaysia; Pearson Education Limited,}
}

@article{das2011submodular,
  title={Submodular meets spectral: Greedy algorithms for subset selection, sparse approximation and dictionary selection},
  author={Das, Abhimanyu and Kempe, David},
  journal={arXiv preprint arXiv:1102.3975},
  year={2011}
}

@article{bian2017guarantees,
  title={Guarantees for greedy maximization of non-submodular functions with applications},
  author={Bian, Andrew An and Buhmann, Joachim M and Krause, Andreas and Tschiatschek, Sebastian},
  journal={arXiv preprint arXiv:1703.02100},
  year={2017}
}

@article{oguejiofor2013outdoor,
  title={Outdoor localization system using RSSI measurement of wireless sensor network},
  author={Oguejiofor, O and Okorogu, V and Adewale, Abe and Osuesu, B},
  journal={International Journal of Innovative Technology and Exploring Engineering},
  volume={2},
  number={2},
  pages={1--6},
  year={2013},
  publisher={Citeseer}
}

@inproceedings{goldoni2010experimental,
  title={Experimental analysis of RSSI-based indoor localization with IEEE 802.15. 4},
  author={Goldoni, Emanuele and Savioli, Alberto and Risi, Marco and Gamba, Paolo},
  booktitle={Wireless Conference (EW), 2010 European},
  pages={71--77},
  year={2010},
  organization={IEEE}
}

@inproceedings{bouet2008rfid,
  title={RFID tags: Positioning principles and localization techniques},
  author={Bouet, Mathieu and Dos Santos, Aldri L},
  booktitle={Wireless Days, 2008. WD'08. 1st IFIP},
  pages={1--5},
  year={2008},
  organization={IEEE}
}

@misc{cipollaCV,
  author        = {Prof. R. Cipolla},
  title         = {Computer Vision 4F12 Lecture 3},
  year          = {2018},
  publisher={Cambridge Univerity Department of Engineering}
}


@article{wang2010survey,
  title={A survey on sensor localization},
  author={Wang, Jing and Ghosh, Ratan K and Das, Sajal K},
  journal={Journal of Control Theory and Applications},
  volume={8},
  number={1},
  pages={2--11},
  year={2010},
  publisher={Springer}
}

