@inproceedings{allen2014range,
  title={The range beacon placement problem for robot navigation},
  author={Allen, River and MacMillan, Neil and Marinakis, Dimitri and Nishat, Rahnuma Islam and Rahman, Rayhan and Whitesides, Sue},
  booktitle={Computer and Robot Vision (CRV), 2014 Canadian Conference on},
  pages={151--158},
  year={2014},
  organization={IEEE}
}


@article{beinhofer2013effective,
  title={Effective landmark placement for accurate and reliable mobile robot navigation},
  author={Beinhofer, Maximilian and M{\"u}ller, J{\"o}rg and Burgard, Wolfram},
  journal={Robotics and Autonomous Systems},
  volume={61},
  number={10},
  pages={1060--1069},
  year={2013},
  publisher={Elsevier}
}

@article{lee2015gps,
  title={GPS/DR error estimation for autonomous vehicle localization},
  author={Lee, Byung-Hyun and Song, Jong-Hwa and Im, Jun-Hyuck and Im, Sung-Hyuck and Heo, Moon-Beom and Jee, Gyu-In},
  journal={Sensors},
  volume={15},
  number={8},
  pages={20779--20798},
  year={2015},
  publisher={Multidisciplinary Digital Publishing Institute}
}

@article{yao2011distributed,
  title={Distributed roadmaps for robot navigation in sensor networks},
  author={Yao, Zhenwang and Gupta, Kamal},
  journal={IEEE Transactions on Robotics},
  volume={27},
  number={5},
  pages={997--1004},
  year={2011},
  publisher={IEEE}
}

